<record xmlns="http://www.loc.gov/MARC21/slim">
   <leader>03628nam a2200529 i 4500</leader>
   <controlfield tag="001">6711105</controlfield>
   <controlfield tag="003">OCoLC</controlfield>
   <controlfield tag="005">20141010110815.0</controlfield>
   <controlfield tag="008">140109t20152015nyuabf   b    001 0 eng  </controlfield>
   <datafield ind1=" " ind2=" " tag="010">
      <subfield code="a">  2014000873</subfield>
   </datafield>
   <datafield ind1=" " ind2=" " tag="020">
      <subfield code="a">9780415921725 (hardback)</subfield>
   </datafield>
   <datafield ind1=" " ind2=" " tag="020">
      <subfield code="a">0415921724 (hardback)</subfield>
   </datafield>
   <datafield ind1=" " ind2=" " tag="020">
      <subfield code="a">9780415735292 (paperback)</subfield>
   </datafield>
   <datafield ind1=" " ind2=" " tag="020">
      <subfield code="a">0415735297 (paperback)</subfield>
   </datafield>
   <datafield ind1=" " ind2=" " tag="020">
      <subfield code="z">9781315819273 (e-book)</subfield>
   </datafield>
   <datafield ind1=" " ind2=" " tag="035">
      <subfield code="a">ocn369140942</subfield>
   </datafield>
   <datafield ind1=" " ind2=" " tag="040">
      <subfield code="a">DLC</subfield>
      <subfield code="b">eng</subfield>
      <subfield code="e">rda</subfield>
      <subfield code="c">DLC</subfield>
      <subfield code="d">BTCTA</subfield>
      <subfield code="d">OCLCF</subfield>
      <subfield code="d">CDX</subfield>
      <subfield code="d">OCLCO</subfield>
      <subfield code="d">CLE</subfield>
      <subfield code="d">YDXCP</subfield>
      <subfield code="d">CLU</subfield>
      <subfield code="d">COO</subfield>
      <subfield code="d">UAB</subfield>
   </datafield>
   <datafield ind1=" " ind2=" " tag="042">
      <subfield code="a">pcc</subfield>
   </datafield>
   <datafield ind1=" " ind2=" " tag="043">
      <subfield code="a">n-us-dc</subfield>
   </datafield>
   <datafield ind1=" " ind2="4" tag="050">
      <subfield code="a">HQ76.3.U52</subfield>
      <subfield code="b">W182 2015</subfield>
   </datafield>
   <datafield ind1="0" ind2="0" tag="050">
      <subfield code="a">HQ76.3.U52</subfield>
      <subfield code="b">W182 2014</subfield>
   </datafield>
   <datafield ind1="0" ind2="0" tag="082">
      <subfield code="a">306.76/609753</subfield>
      <subfield code="2">23</subfield>
   </datafield>
   <datafield ind1=" " ind2=" " tag="084">
      <subfield code="a">SOC012000</subfield>
      <subfield code="a">SOC017000</subfield>
      <subfield code="a">HIS036060</subfield>
      <subfield code="2">bisacsh</subfield>
   </datafield>
   <datafield ind1=" " ind2=" " tag="090">
      <subfield code="a">HQ 76.3 U52 W182 2015</subfield>
      <subfield code="b">AEU</subfield>
   </datafield>
   <datafield ind1="1" ind2=" " tag="100">
      <subfield code="a">Beemyn, Genny,</subfield>
      <subfield code="d">1966- ,</subfield>
      <subfield code="e">author.</subfield>
   </datafield>
   <datafield ind1="1" ind2="2" tag="245">
      <subfield code="a">A queer capital :</subfield>
      <subfield code="b">a history of gay life in Washington, D.C. /</subfield>
      <subfield code="c">Genny Beemyn.</subfield>
   </datafield>
   <datafield ind1=" " ind2="1" tag="264">
      <subfield code="a">New York, NY :</subfield>
      <subfield code="b">Routledge, Taylor &amp; Francis Group,</subfield>
      <subfield code="c">2015.</subfield>
   </datafield>
   <datafield ind1=" " ind2="4" tag="264">
      <subfield code="c">©2015</subfield>
   </datafield>
   <datafield ind1=" " ind2=" " tag="300">
      <subfield code="a">x, 270 pages, 9 pages of plates :</subfield>
      <subfield code="b">illustrations, map ;</subfield>
      <subfield code="c">23 cm</subfield>
   </datafield>
   <datafield ind1=" " ind2=" " tag="336">
      <subfield code="a">text</subfield>
      <subfield code="b">txt</subfield>
      <subfield code="2">rdacontent</subfield>
   </datafield>
   <datafield ind1=" " ind2=" " tag="337">
      <subfield code="a">unmediated</subfield>
      <subfield code="b">n</subfield>
      <subfield code="2">rdamedia</subfield>
   </datafield>
   <datafield ind1=" " ind2=" " tag="338">
      <subfield code="a">volume</subfield>
      <subfield code="b">nc</subfield>
      <subfield code="2">rdacarrier</subfield>
   </datafield>
   <datafield ind1=" " ind2=" " tag="504">
      <subfield code="a">Includes bibliographical references (pages 247-260) and index.</subfield>
   </datafield>
   <datafield ind1="0" ind2=" " tag="505">
      <subfield code="a">The geography of same-sex desire : cruising men in Washington in the late nineteenth and early twentieth centuries -- "Sentiments expressed here would be misconstrued by others" : the same-sex sexual lives of Washington's black elite in the early twentieth century -- Race, class, gender, and the social landscape of the capital's gay communities during and after World War II -- The policing of same-sex desire in postwar Washington -- LGBT movements in the capital in the mid to late twentieth century : three historic moments -- Epilogue : "in Tyra's memory" -- Appendix : list of narrators.</subfield>
   </datafield>
   <datafield ind1=" " ind2=" " tag="520">
      <subfield code="a">"Based on archival work, personal interviews, and literary history, A Queer Capital is a history of LGBT Washington D.C. during the long decades from the turn of the 20th century through the Eisenhower era. The book is a lively history of black and white gay communities and individuals, attesting to the vibrant cultural and intellectual life of a city sometimes believed to be neither. Of particular importance is the discussion of how racial identities and gay identities were interrelated during the period. A Queer Capital is a book for readers interested in gay life, in Washington D.C. history, and in African American life and culture in the first half of the twentieth century."--</subfield>
      <subfield code="c">Provided by publisher.</subfield>
   </datafield>
   <datafield ind1=" " ind2=" " tag="520">
      <subfield code="a">"The first history of LGBT life in Washington, D.C., across the 20th century. Covering black and white individuals and communities, and considering the effects of race, gender, and class, this book explores how lesbians, gay men, and bisexuals built communities, survived anti-gay campaigns, and organized to demand equal rights"--</subfield>
      <subfield code="c">Provided by publisher.</subfield>
   </datafield>
   <datafield ind1=" " ind2=" " tag="596">
      <subfield code="a">43</subfield>
   </datafield>
   <datafield ind1=" " ind2="0" tag="650">
      <subfield code="a">Homosexuality</subfield>
      <subfield code="z">Washington (D.C.)</subfield>
      <subfield code="x">History.</subfield>
   </datafield>
   <datafield ind1=" " ind2="0" tag="650">
      <subfield code="a">Gay men</subfield>
      <subfield code="z">Washington (D.C.)</subfield>
      <subfield code="x">History.</subfield>
   </datafield>
   <datafield ind1=" " ind2="0" tag="650">
      <subfield code="a">Lesbians</subfield>
      <subfield code="z">Washington (D.C.)</subfield>
      <subfield code="x">History.</subfield>
   </datafield>
   <datafield ind1=" " ind2="0" tag="650">
      <subfield code="a">Gays</subfield>
      <subfield code="z">Washington (D.C.)</subfield>
      <subfield code="v">Interviews.</subfield>
   </datafield>
   <datafield ind1=" " ind2="0" tag="650">
      <subfield code="a">Gays</subfield>
      <subfield code="z">Washington (D.C.)</subfield>
      <subfield code="x">Social conditions.</subfield>
   </datafield>
   <datafield ind1=" " ind2="0" tag="650">
      <subfield code="a">Blacks</subfield>
      <subfield code="x">Race identity</subfield>
      <subfield code="z">United States</subfield>
      <subfield code="x">History.</subfield>
   </datafield>
   <datafield ind1=" " ind2="0" tag="650">
      <subfield code="a">Whites</subfield>
      <subfield code="x">Race identity</subfield>
      <subfield code="z">United States</subfield>
      <subfield code="x">History.</subfield>
   </datafield>
   <datafield ind1=" " ind2="0" tag="650">
      <subfield code="a">Gender identity</subfield>
      <subfield code="z">United States</subfield>
      <subfield code="x">History.</subfield>
   </datafield>
   <datafield ind1=" " ind2=" " tag="949">
      <subfield code="a">HQ 76.3 U52 W182 2015</subfield>
      <subfield code="c">1</subfield>
      <subfield code="h">UAHS-B</subfield>
      <subfield code="i">0162035172160</subfield>
   </datafield>
   <datafield ind1=" " ind2=" " tag="926">
      <subfield code="a">HQ 76.3 U52 W182 2015</subfield>
      <subfield code="w">LC</subfield>
      <subfield code="c">1</subfield>
      <subfield code="i">0162035172160</subfield>
      <subfield code="l">ON_SHELF</subfield>
      <subfield code="m">UAHSS</subfield>
      <subfield code="p">$150.00</subfield>
      <subfield code="r">Y</subfield>
      <subfield code="s">Y</subfield>
      <subfield code="t">BOOK</subfield>
      <subfield code="u">10/22/2014</subfield>
   </datafield>
</record>
